@Article{KDD10,
  author       = {Gomez-Rodriguez and Leskovec and Krause},
  title        = {Inferring Networks of Diffusion and Influence},
  journaltitle = {Knowledge Discovery and Data Mining},
  year         = {2010},
}

@Article{KDD13,
	author       = {Abrahao and Chierichetti and Kleinberg and Panconesi},
	title        = {Trace Complexity of Network Inference},
	journaltitle = {Knowledge Discovery and Data Mining},
	year         = {2013},
}

@Article{chainletters,
	author       = {Chierichetti and Kleinberg and Liben-Nowell},
	title        = {Reconstructing Patterns of Information Diffusion
	from Incomplete Observations},
	journaltitle = {Advances in Neural Information Processing Systems},
	year         = {2011},
}

@Article{nemhauser01,
 author={Nemhauser and Wolsey and Fisher},
 year = {1978},
 title = {An analysis of approximations for maximizing submodular set functions},
 journaltitle = {Mathematical Programming},
}

@book{desappralgo,
	author = {David P. Williamson and David B. Shmoys},
	title = {The Design of Approximation Algortihms},
	url = {http://www.designofapproxalgs.com/}
}
